@misc{ef_core,
    title={{Entity Framework Core}},
    year={2024},
    howpublished={\url{https://learn.microsoft.com/en-us/ef/core/}},
    author="{{Microsoft}}",
    note="Дата посещения: 14 мая, 2025"
}

@misc{dependency_injection,
    title={{Dependency injection into controllers in ASP.NET Core}},
    year={2024},
    howpublished={\url{https://learn.microsoft.com/en-us/aspnet/core/mvc/controllers/dependency-injection?view=aspnetcore-9.0}},
    author="{{Microsoft}}",
    note="Дата посещения: 14 мая, 2025"
}

@misc{application_architecture,
    title={{Monolithic vs. Microservices Architecture}},
    year={2025},
    howpublished={\url{https://www.geeksforgeeks.org/monolithic-vs-microservices-architecture/}},
    author="{{geeksforgeeks}}",
    note="Дата посещения: 14 мая, 2025"
}

@misc{controller_vs_minimal_api,
    title={{Choose between controller-based APIs and minimal APIs}},
    year={2023},
    howpublished={\url{https://learn.microsoft.com/en-us/aspnet/core/fundamentals/apis?view=aspnetcore-9.0}},
    author={Microsoft},
    note="Дата посещения: 14 мая, 2025"
}

@misc{asp.net,
    title={{Overview of ASP.NET Core}},
    year={2025},
    howpublished={\url{https://learn.microsoft.com/en-us/aspnet/core/introduction-to-aspnet-core?view=aspnetcore-9.0}},
    author={Microsoft},
    note="Дата посещения: 14 мая, 2025"
}

@misc{orm,
    title={{What is Object-Relational Mapping (ORM) in DBMS?}},
    year={2024},
    howpublished={\url{https://www.geeksforgeeks.org/what-is-object-relational-mapping-orm-in-dbms/}},
    author="{{geeksforgeeks}}",
    note="Дата посещения: 14 мая, 2025"
}
 
@misc{design_patterns_architecture,
    title={{Software Architectural Patterns in System Design}},
    year={2024},
    howpublished={\url{https://www.geeksforgeeks.org/design-patterns-architecture/}},
    author="{{geeksforgeeks}}",
    note="Дата посещения: 14 мая, 2025"
}

@misc{deflate_spec,
    title={{What Is a Modular Monolith?}},
    year={2024},
    howpublished={\url{https://www.geeksforgeeks.org/what-is-a-modular-monolith/}},
    author="{{geeksforgeeks}}",
    note="Дата посещения: 14 мая, 2025"
}

@misc{gzip_impl,
    title={{uzlib}},
    year={2021},
    howpublished={\url{https://github.com/pfalcon/uzlib}},
    note="Accesat pe 16 mai, 2024"
}

@misc{gif_unusable_reason,
    title={{Why There Are No GIF Files on GNU Web Pages}},
    year={1997},
    howpublished={\url{https://www.gnu.org/philosophy/gif.en.html}},
    note="Accesat pe 16 mai, 2024"
}
